@inproceedings{dram_err,
title= {DRAM Errors in the Wild: A Large-Scale Field Study},
author= {Bianca Schroeder and Eduardo Pinheiro and Wolf-Dietrich Weber},
year= {2009},
booktitle= {SIGMETRICS}
}
@article{dinaburg2011bitsquatting,
  title={Bitsquatting: DNS hijacking without exploitation},
  author={Dinaburg, Artem},
  journal={Proceedings of BlackHat Security},
  year={2011}
}
@inproceedings{nikiforakis2013bitsquatting,
  title={Bitsquatting: Exploiting bit-flips for fun, or profit?},
  author={Nikiforakis, Nick and Van Acker, Steven and Meert, Wannes and Desmet, Lieven and Piessens, Frank and Joosen, Wouter},
  booktitle={Proceedings of the 22nd international conference on World Wide Web},
  pages={989--998},
  year={2013},
  organization={ACM}
}
@article{barenghi2012fault,
  title={Fault injection attacks on cryptographic devices: Theory, practice, and countermeasures},
  author={Barenghi, Alessandro and Breveglieri, Luca and Koren, Israel and Naccache, David},
  journal={Proceedings of the IEEE},
  volume={100},
  number={11},
  pages={3056--3076},
  year={2012},
  publisher={IEEE}
}
@article{jvm,
	title={Using Memory Errors to Attack a Virtual Machine},
	author={Sudhakar Govindavajhala and Andrew W. Appel},
	year={2003},
	journal={IEEE Symposium on Security and Privacy},
	pages={154--165},
	publisher={IEEE}
}
@inproceedings{kim2014flipping,
	title={Flipping bits in memory without accessing them: An experimental study of DRAM disturbance errors},
	author={Kim, Yoongu and Daly, Ross and Kim, Jeremie and Fallin, Chris and Lee, Ji Hye and Lee, Donghyuk and Wilkerson, Chris and Lai, Konrad and Mutlu, Onur},
	booktitle={ACM SIGARCH Computer Architecture News},
	volume={42},
	number={3},
	pages={361--372},
	year={2014},
	organization={IEEE Press}
}
@inproceedings{gruss2016rowhammer,
  title={Rowhammer. js: A remote software-induced fault attack in javascript},
  author={Gruss, Daniel and Maurice, Cl{\'e}mentine and Mangard, Stefan},
  booktitle={International Conference on Detection of Intrusions and Malware, and Vulnerability Assessment},
  pages={300--321},
  year={2016},
  organization={Springer}
}
@misc{suffixpath,
	title={DNS May Be Hazardous to Your Health},
	author={Robert Stucke},
	year={2013},
	organization={Defcon 21},
	url={https://www.youtube.com/watch?v=9Sgaq6OYLX8}
}
