@inproceedings{dram_err,
title= {DRAM Errors in the Wild: A Large-Scale Field Study},
author= {Bianca Schroeder and Eduardo Pinheiro and Wolf-Dietrich Weber},
year= {2009},
booktitle= {SIGMETRICS}
}
@article{dinaburg2011bitsquatting,
  title={Bitsquatting: DNS hijacking without exploitation},
  author={Dinaburg, Artem},
  journal={Proceedings of BlackHat Security},
  year={2011}
}
@inproceedings{nikiforakis2013bitsquatting,
  title={Bitsquatting: Exploiting bit-flips for fun, or profit?},
  author={Nikiforakis, Nick and Van Acker, Steven and Meert, Wannes and Desmet, Lieven and Piessens, Frank and Joosen, Wouter},
  booktitle={Proceedings of the 22nd international conference on World Wide Web},
  pages={989--998},
  year={2013},
  organization={ACM}
}
@article{barenghi2012fault,
  title={Fault injection attacks on cryptographic devices: Theory, practice, and countermeasures},
  author={Barenghi, Alessandro and Breveglieri, Luca and Koren, Israel and Naccache, David},
  journal={Proceedings of the IEEE},
  volume={100},
  number={11},
  pages={3056--3076},
  year={2012},
  publisher={IEEE}
}
